<?xml version="1.0" encoding="UTF-8"?><collection xmlns="http://www.loc.gov/MARC21/slim"><record><leader>00633nam--2200193-i-4500</leader><controlfield tag="001">000014682</controlfield><controlfield tag="002">20161230</controlfield><controlfield tag="005">20161230201030</controlfield><controlfield tag="008">060222s1000------------r-----000-0-eng-d</controlfield><datafield ind1=" " ind2=" " tag="040"><subfield code="a">IFIN-HH</subfield></datafield><datafield ind1=" " ind2=" " tag="080"><subfield code="a">537.611.2</subfield></datafield><datafield ind1="1" ind2=" " tag="100"><subfield code="a">Akhiezer. A.I</subfield></datafield><datafield ind1="1" ind2="0" tag="245"><subfield code="a">Spin waves</subfield><subfield code="b">Translated by s.chomet; translation edited by s. doniach</subfield><subfield code="c">A.i. akhiezer, v.g. bar'yakhtar, s.v. peletminskii</subfield></datafield><datafield ind1=" " ind2=" " tag="260"><subfield code="a">Amsterdam</subfield><subfield code="b">North-holland Publishing Company</subfield><subfield code="c">1968</subfield></datafield><datafield ind1=" " ind2=" " tag="300"><subfield code="a">VIII + 369 P</subfield></datafield><datafield ind1=" " ind2=" " tag="490"><subfield code="a">North-holland Series In Low Temperature Physics</subfield><subfield code="v">Vol. 1</subfield></datafield><datafield ind1="1" ind2=" " tag="700"><subfield code="a">Peletminskii, S. V</subfield></datafield><datafield ind1=" " ind2=" " tag="852"><subfield code="a">75004</subfield><subfield code="c">536</subfield></datafield><datafield ind1=" " ind2=" " tag="CAT"><subfield code="a">Sys</subfield><subfield code="c">20110511</subfield><subfield code="h">105343</subfield></datafield></record></collection>